<?xml version="1.0" encoding="UTF-8"?><collection xmlns="http://www.loc.gov/MARC21/slim"><record><leader>00331nam--2200133-i-4500</leader><controlfield tag="001">000042461</controlfield><controlfield tag="002">20161230</controlfield><controlfield tag="005">20161230201043</controlfield><controlfield tag="008">060222s1000------------r-----000-0-eng-d</controlfield><datafield ind1=" " ind2=" " tag="080"><subfield code="a">621.372</subfield></datafield><datafield ind1=" " ind2=" " tag="100"><subfield code="a">Spence, Robert</subfield></datafield><datafield ind1=" " ind2=" " tag="245"><subfield code="a">Linear active networks</subfield></datafield><datafield ind1=" " ind2=" " tag="260"><subfield code="a">New York, John Wiley &amp; Sons Ltd.,1970. Xi + 359 P</subfield></datafield><datafield ind1=" " ind2=" " tag="852"><subfield code="a">35016</subfield></datafield></record></collection>